
@book{pearl2018,
	title = {The Book of Why: The New Science of Cause and Effect},
	author = {{Pearl}, {Judea} and {Mackenzie}, {Dana}},
	year = {2018},
	date = {2018},
	publisher = {Hachette UK}
}

@book{axelrod2015,
	title = {Structure of decision: The cognitive maps of political elites},
	author = {{Axelrod}, {Robert}},
	year = {2015},
	date = {2015},
	publisher = {Princeton university press}
}

@article{hodgkinson2004,
	title = {Causal Cognitive Mapping in the Organizational Strategy Field: A Comparison of Alternative Elicitation Procedures},
	author = {{Hodgkinson}, {Gerard P.} and {Maule}, {A. John} and {Bown}, {Nicola J.}},
	year = {2004},
	date = {2004},
	journal = {Organizational Research Methods},
	pages = {3{\textendash}26},
	volume = {7},
	number = {1},
	doi = {10.1177/1094428103259556}
}
